@article{Zeilberger2014,
  author = {Zeilberger, Doron},
  title = {Automatic Enumeration of Generalized M\'enage Numbers},
  journal = {S\'eminaire Lo\-tha\-rin\-gien de Combinatoire},
  year = {2014},
  volume = {71},
  number = {B71a}
}

@book{Stanley2011EC1,
  author = {Stanley, Richard P.},
  title = {Enumerative Combinatorics: Volume 1},
  year = {2011},
  isbn = {1107602629},
  publisher = {Cambridge University Press},
  address = {USA},
  edition = {2nd}
}

@book{Riordan1980,
author = {Riordan, John},
title = {An Introduction to Combinatorial Analysis},
year = {1980},
isbn = {9781400854332},
publisher = {Princeton University Press},
address = {USA}
}

@InProceedings{Kociumaka2014,
  author={Tomasz Kociumaka and Jakub Radoszewski and Wojciech Rytter},
  title={Computing k-th Lyndon Word and Decoding Lexicographically Minimal de Bruijn Sequence},
  booktitle={Combinatorial Pattern Matching},
  year={2014},
  publisher={Springer International Publishing},
  pages={202--211},
  isbn={978-3-319-07566-2}
}

@article{Mikawa2014,
  title={Lexicographic ranking and unranking of derangements in cycle notation},
  author={Kenji Mikawa and Ken Tanaka},
  journal={Discret. Appl. Math.},
  year={2014},
  volume={166},
  pages={164-169}
}

@article{Kaplansky1946,
  author = {Irving Kaplansky and John Riordan},
  title = {{The problem of the rooks and its applications}},
  volume = {13},
  journal = {Duke Mathematical Journal},
  number = {2},
  publisher = {Duke University Press},
  pages = {259 -- 268},
  year = {1946},
  doi = {10.1215/S0012-7094-46-01324-5},
  URL = {https://doi.org/10.1215/S0012-7094-46-01324-5}
}

@article{Valiant1979,
  title = {The complexity of computing the permanent},
  journal = {Theoretical Computer Science},
  volume = {8},
  number = {2},
  pages = {189-201},
  year = {1979},
  issn = {0304-3975},
  doi = {https://doi.org/10.1016/0304-3975(79)90044-6},
  url = {https://www.sciencedirect.com/science/article/pii/0304397579900446},
  author = {L.G. Valiant},
  abstract = {It is shown that the permanent function of (0, 1)-matrices is a complete problem for the class of counting problems associated with nondeterministic polynomial time computations. Related counting problems are also considered. The reductions used are characterized by their nontrivial use of arithmetic.}
}

@article{Shevelev1992,
  author={Shevelev, V. S.},
  title={Some problems of the theory of enumerating the permutations with restricted positions},
  journal={Journal of Soviet Mathematics},
  year={1992},
  month={Sep},
  day={01},
  volume={61},
  number={4},
  pages={2272-2317},
  abstract={We sketch the circle of fundamental ideas and trends in the development of one of the important branches of combinatorial analysis---the theory of enumerating the permutations with restricted positions, which dates back to Euler, Monmort, Lucas, Cayley, and other classical authors. We devote a great deal of attention to new and up-to-date trends of the theory, some of which are still in the formative stage. We state 10 conjectures and problems.},
  issn={1573-8795},
  doi={10.1007/BF01104103},
  url={https://doi.org/10.1007/BF01104103}
}

@misc{oeis,
  author={{OEIS Foundation Inc.}},
  title={{The On-Line Encyclopedia of Integer Sequences}},
  year={2021},
  url={https://oeis.org/},
}
@misc{FindStat,
  author        = {Martin Rubey and Christian Stump and others},
  title         = {{FindStat} - {T}he combinatorial statistics database},
  url           = {http://FindStat.org},
  note          = {Accessed: \today},
}

@article{assaf,
  title={Cyclic Derangements},
  author={Assaf, Sami H},
  journal={The Electronic Journal of Combinatorics},
  volume={17},
  number={R163},
  year={2010}
}

@article{arratia,
 ISSN = {00911798},
 URL = {http://www.jstor.org/stable/2244659},
 author = {Richard Arratia and Simon Tavare},
 journal = {The Annals of Probability},
 number = {3},
 pages = {1567--1591},
 publisher = {Institute of Mathematical Statistics},
 title = {The Cycle Structure of Random Permutations},
 volume = {20},
 year = {1992},
 equation = {21}
}

@article{`,
 URL = {http://mi.mathnet.ru/izv3716},
 author = {V. Goncharov},
 journal = {Izv. Akad. Nauk SSSR Ser. Mat.},
 pages = {3--48},
 title = {Du domaine de l'analyse combinatoire},
 volume = {8},
 issue = {1},
 year = {1944},
}

@article{conger,
  author = {Conger, Mark},
  year = {2010},
  month = {04},
  pages = {},
  title = {A refinement of the {E}ulerian numbers, and the joint distribution of $\pi(1)$ and $\operatorname{Des}(\pi)$ in ${S}_n$.},
  volume = {95},
  journal = {Ars Combinatoria}
}

@Book{winkler,
 author = {Winkler, Peter},
 title = {Mathematical Puzzles: A Connoisseur's Collection},
 publisher = {AK Peters},
 year = {2004},
 address = {Natick, Mass},
 isbn = {1568812019}
}

@InProceedings{Foata,
  author    = {Foata, Dominique},
  editor    = {Aigner, Martin},
  title     = {Distributions Euleriennes et Mahoniennes sur le Groupe des Permutations},
  booktitle = {High\-er Com\-bin\-a\-tor\-ics},
  year      = {1977},
  publisher = {Springer Netherlands},
  address   = {Dordrecht},
  pages     = {27--49},
  abstract  = {Les nombres eul{\'e}riens An,k (n ≥ 1, 1 ≤ k ≤ n) sont d{\'e}finis par la relation de recurrence(1){\$}{\$}{\backslash}begin{\{}gathered{\}}{\{}A{\_}{\{}1,1{\}}{\}} = 1{\{}{\backslash}text{\{}   {\}}{\}}{\{}A{\_}{\{}1,k{\}}{\}} = 0{\{}{\backslash}text{\{}  pour k{\}}{\}} {\backslash}ne {\{}{\backslash}text{\{}1{\}}{\}} {\backslash}hfill {\backslash}{\backslash}{\{}{\{}{\backslash}text{\{}A{\}}{\}}{\_}{\{}n,k{\}}{\}} = {\{}{\backslash}text{\{}k {\}}{\}}{\{}{\{}{\backslash}text{\{}A{\}}{\}}{\_}{\{}n - 1,k{\}}{\}} + {\{}{\backslash}text{\{}(n - k + 1){\}}{\}}{\{}{\{}{\backslash}text{\{}A{\}}{\}}{\_}{\{}n - 1,k - 1{\}}{\}}{\{}{\backslash}text{\{} pour n {\}}{\}} {\backslash}geqslant {\{}{\backslash}text{\{}2 et{\}}{\}} {\backslash}hfill {\backslash}{\backslash}{\{}{\backslash}text{\{}1{\}}{\}} {\backslash}leqslant {\{}{\backslash}text{\{}k{\}}{\}} {\backslash}leqslant {\{}{\backslash}text{\{}n{\}}{\}}{\{}{\backslash}text{\{}.{\}}{\}} {\backslash}hfill {\backslash}{\backslash}{\backslash}end{\{}gathered{\}} {\$}{\$}},
  isbn      = {978-94-010-1220-1}
}

@article{Assaf2010,
  author = {Assaf, Sami H.},
  journal = {The Electronic Journal of Combinatorics [electronic only]},
  keywords = {number of dreangements; permutations; facet derangement; wreath product; cyclic group; symmetric group},
  language = {eng},
  number = {1},
  pages = {Research Paper R163, 14 p., electronic only-Research Paper R163, 14 p., electronic only},
  publisher = {Prof. André Kündgen, Deptartment of Mathematics, California State University San Marcos, San Marcos},
  title = {Cyclic derangements.},
  url = {http://eudml.org/doc/227027},
  volume = {17},
  year = {2010},
}

@article{Ehrenborg1995,
  title    = {The Blind Bartender's Problem},
  journal  = {Journal of Combinatorial Theory, Series A},
  volume   = {70},
  number   = {2},
  pages    = {249-266},
  year     = {1995},
  issn     = {0097-3165},
  doi      = {https://doi.org/10.1016/0097-3165(95)90092-6},
  url      = {https://www.sciencedirect.com/science/article/pii/0097316595900926},
  author   = {Richard Ehrenborg and Chris M Skinner},
  abstract = {We present a two-player game with restricted information for one of the players. The game takes place on a transitive group action. The winning strategies depend on chains of structures in the group action. We also study a modification of the game with further restrictions on one of the players.}
}

@Book{Winkler2004,
  author    = {Winkler, Peter},
  title     = {Mathematical Puzzles: A Connoisseur's Collection},
  publisher = {AK Peters},
  year      = {2004},
  address   = {Natick, Mass},
  isbn      = {978-1568812014}
}

@article{BarYehuda1993,
  title={Rotating-Table Games and Derivatives of Words},
  author={Reuven Bar Yehuda and Tuvi Etzion and Shlomo Moran},
  journal={Theor. Comput. Sci.},
  year={1993},
  volume={108},
  pages={311-329}
}

@article{Gardner1979Problem,
  ISSN      = {00368733, 19467087},
  URL       = {http://www.jstor.org/stable/24965105},
  author    = {Martin Gardner},
  journal   = {Scientific American},
  number    = {2},
  pages     = {16--27},
  publisher = {Scientific American, a division of Nature America, Inc.},
  title     = {Mathematical Games},
  urldate   = {2022-04-20},
  volume    = {240},
  year      = {1979}
}

@article{Gardner1979Solution,
  ISSN      = {00368733, 19467087},
  URL       = {http://www.jstor.org/stable/24965144},
  author    = {Martin Gardner},
  journal   = {Scientific American},
  number    = {3},
  pages     = {21--31},
  publisher = {Scientific American, a division of Nature America, Inc.},
  title     = {Mathematical Games},
  urldate   = {2022-04-20},
  volume    = {240},
  year      = {1979}
}

@article{Rabinovich2022,
  title    = {A generalization of the Blind Rotating Table game},
  journal  = {Information Processing Letters},
  volume   = {176},
  pages    = {106233},
  year     = {2022},
  issn     = {0020-0190},
  doi      = {https://doi.org/10.1016/j.ipl.2021.106233},
  url      = {https://www.sciencedirect.com/science/article/pii/S0020019021001484},
  author   = {Yuri Rabinovich},
  keywords = {Combinatorial games, Partial information games, Winning strategy, Groups},
  abstract = {We study a generalization of a well-known two player game with partial information. Using an approach different from those appearing in the literature, and introducing group-theoretic methods, a full characterization of the settings where a winning strategy exists is obtained.}
}

@article{FiveThirtyEight,
  URL       = {https://fivethirtyeight.com/features/i-would-walk-500-miles-and-i-would-riddle-500-more/},
  author    = {Oliver Roeder},
  journal   = {FiveThirtyEight},
  publisher = {ABC News Internet Ventures},
  title     = {The Riddler},
  urldate   = {2022-04-20},
  year      = {2019}
}

@book{Winkler2021,
  title     = {Mathematical Puzzles},
  author    = {Winkler, Peter},
  year      = {2021},
  publisher = {CRC Press}
}

@phdthesis{Sidana2020,
  author = {Sidana, Tania},
  title  = {Constacyclic codes over finite commutative chain rings},
  school = {Indraprastha Institute of Information Technology, Delhi},
  year   = 2020,
}

@book{Rotman1999,
  title     = {An Introduction to the Theory of Groups},
  author    = {Joseph J. Rotman},
  year      = {1999},
  publisher = {Springer},
  address   = {New York}
}

@Article{Mazurov2003,
  author  = {Mazurov, V. D.},
  title   = {On Generation of Sporadic Simple Groups by Three Involutions Two of Which Commute},
  journal = {Siberian Mathematical Journal},
  year    = {2003},
  month   = {Jan},
  day     = {01},
  volume  = {44},
  number  = {1},
  pages   = {160-164},
  issn    = {1573-9260},
  url     = {https://doi.org/10.1023/A:1022028807652}
}

@Article{Nuzhin1992,
  author  = {Nuzhin, Ya. N.},
  title   = {Generating triples of involutions of alternating groups},
  journal = {Mathematical Notes},
  year    = {1992},
  month   = {Apr},
  day     = {01},
  volume  = {51},
  number  = {4},
  pages   = {389-392},
  issn    = {1573-8876},
  doi     = {10.1007/BF01250552},
  url     = {https://doi.org/10.1007/BF01250552}
}

@article {Nuzhin0,
    AUTHOR = {Nuzhin, Ya. N.},
     TITLE = {Generating triples of involutions of {C}hevalley groups over a
              finite field of characteristic {$2$}},
   JOURNAL = {Algebra i Logika},
  FJOURNAL = {Akademiya Nauk SSSR. Sibirskoe Otdelenie. Institut Matematiki.
              Algebra i Logika},
    VOLUME = {29},
      YEAR = {1990},
    NUMBER = {2},
     PAGES = {192--206, 261},
      ISSN = {0373-9252},
   MRCLASS = {20G40},
  MRNUMBER = {1131150},
MRREVIEWER = {Sen Qiu},
       DOI = {10.1007/BF02001358},
       URL = {https://doi.org/10.1007/BF02001358},
}
@article {Nuzhin1,
    AUTHOR = {Nuzhin, Ya. N.},
     TITLE = {Generating triples of involutions of {L}ie-type groups over a
              finite field of odd characteristic. {I}},
   JOURNAL = {Algebra i Logika},
  FJOURNAL = {Sibirski\u{\i} Fond Algebry i Logiki. Algebra i Logika},
    VOLUME = {36},
      YEAR = {1997},
    NUMBER = {1},
     PAGES = {77--96, 118},
      ISSN = {0373-9252},
   MRCLASS = {20D06 (20F05)},
  MRNUMBER = {1454692},
MRREVIEWER = {V. D. Mazurov},
       DOI = {10.1007/BF02671953},
       URL = {https://doi.org/10.1007/BF02671953},
}
@article {Nuzhin2,
    AUTHOR = {Nuzhin, Ya. N.},
     TITLE = {Generating triples of involutions of {L}ie-type groups over a
              finite field of odd characteristic. {II}},
   JOURNAL = {Algebra i Logika},
  FJOURNAL = {Sibirski\u{\i} Fond Algebry i Logiki. Algebra i Logika},
    VOLUME = {36},
      YEAR = {1997},
    NUMBER = {4},
     PAGES = {422--440, 479},
      ISSN = {0373-9252},
   MRCLASS = {20D06 (20F05)},
  MRNUMBER = {1601503},
MRREVIEWER = {V. D. Mazurov},
}

@MISC {MSELoop,
  TITLE = {The unique loop (quasigroup with unit) $L$ of order $5$ satisfying $x^2 = 1$ for all $x \in L$},
  AUTHOR = {Travis Willse},
  HOWPUBLISHED = {Mathematics Stack Exchange},
  NOTE = {URL:https://math.stackexchange.com/q/1216907 (version: 2018-12-27)},
  EPRINT = {https://math.stackexchange.com/q/1216907},
  URL = {https://math.stackexchange.com/q/1216907}
}

@Book {Sloane1995,
  author    = {Sloane, Neil James Alexander and Plouffe, Simon},
  title     = {Encyclopedia of Integer Sequences},
  year      = {1995},
  publisher = {Academic Press},
  address   = {San Diego}
}

